<record xmlns="http://www.loc.gov/MARC21/slim" xmlns:xsi="http://www.w3.org/2001/XMLSchema-instance" xsi:schemaLocation="http://www.loc.gov/MARC21/slim http://www.loc.gov/standards/marcxml/schema/MARC21slim.xsd"><leader>02213nam a2200433   4500</leader><controlfield tag="001">001679926</controlfield><controlfield tag="003">NNU</controlfield><controlfield tag="006">m        d        </controlfield><controlfield tag="007">cr cn |||m|||a</controlfield><controlfield tag="008">150223s1967    iq      ob    000 0 arao</controlfield><datafield ind1=" " ind2=" " tag="040"><subfield code="a">NNU</subfield><subfield code="b">eng</subfield><subfield code="e">rda</subfield><subfield code="c">NNU</subfield></datafield><datafield ind1=" " ind2=" " tag="043"><subfield code="a">ar-----</subfield></datafield><datafield ind1="0" ind2="0" tag="050"><subfield code="a">BP134.E7</subfield><subfield code="b">S24</subfield></datafield><datafield ind1="1" ind2=" " tag="100"><subfield code="6">880-01</subfield><subfield code="a">S&#803;affa&#772;r, Ibtisa&#772;m Marhu&#772;n.</subfield></datafield><datafield ind1="1" ind2="3" tag="245"><subfield code="6">880-02</subfield><subfield code="a">al-Ta&#699;a&#772;bi&#772;r al-Qur&#697;a&#772;ni&#772;yah wa-al-bi&#772;&#697;ah al-&#699;Arabi&#772;yah :</subfield><subfield code="b">fi&#772; masha&#772;hid al-qiya&#772;mah /</subfield><subfield code="c">ta&#697;li&#772;f Ibtisa&#772;m Marhu&#772;n al-S&#803;affa&#772;r.</subfield></datafield><datafield ind1=" " ind2=" " tag="250"><subfield code="6">880-03</subfield><subfield code="a">[al-T&#803;ab&#699;ah 1.].</subfield></datafield><datafield ind1=" " ind2=" " tag="260"><subfield code="6">880-04</subfield><subfield code="a">al-Najaf,</subfield><subfield code="b">Mat&#803;ba&#699;at al-A&#772;da&#772;b,</subfield><subfield code="c">1966 [i.e. 1967]</subfield></datafield><datafield ind1=" " ind2=" " tag="300"><subfield code="a">online resource (384 pages)</subfield></datafield><datafield ind1=" " ind2=" " tag="336"><subfield code="a">text</subfield><subfield code="2">rdacontent</subfield></datafield><datafield ind1=" " ind2=" " tag="337"><subfield code="a">computer</subfield><subfield code="2">rdamedia</subfield></datafield><datafield ind1=" " ind2=" " tag="338"><subfield code="a">online resource</subfield><subfield code="2">rdacarrier</subfield></datafield><datafield ind1=" " ind2=" " tag="500"><subfield code="a">Part of the Arabic Collections Online (ACO) project, contributed by New York Univeristy Libraries.</subfield></datafield><datafield ind1=" " ind2=" " tag="504"><subfield code="a">Includes bibliographical references (pages 319-347).</subfield></datafield><datafield ind1=" " ind2=" " tag="533"><subfield code="a">Electronic reproduction.</subfield><subfield code="b">New York, N.Y. :</subfield><subfield code="c">New York University,</subfield><subfield code="d">2015.</subfield><subfield code="5">NNU</subfield></datafield><datafield ind1=" " ind2="0" tag="650"><subfield code="a">Ethnology in the Qur&#700;an.</subfield></datafield><datafield ind1="0" ind2="0" tag="630"><subfield code="a">Qur&#700;an</subfield><subfield code="x">Geography.</subfield></datafield><datafield ind1="0" ind2="0" tag="630"><subfield code="a">Qur&#700;an</subfield><subfield code="x">Language, style.</subfield></datafield><datafield ind1=" " ind2="0" tag="650"><subfield code="a">Islamic eschatology</subfield><subfield code="x">Qur&#700;anic teaching.</subfield></datafield><datafield ind1="2" ind2=" " tag="710"><subfield code="a">New York University.</subfield><subfield code="b">Libraries.</subfield></datafield><datafield ind1="0" ind2=" " tag="730"><subfield code="a">Arabic Collections Online.</subfield></datafield><datafield ind1="0" ind2="8" tag="776"><subfield code="i">Online version:</subfield><subfield code="a">S&#803;affa&#772;r, Ibtisa&#772;m Marhu&#772;n.</subfield><subfield code="t">Ta&#699;a&#772;bi&#772;r al-Qur&#697;a&#772;ni&#772;yah wa-al-bi&#772;&#697;ah al-&#699;Arabi&#772;yah.</subfield><subfield code="b">[al-T&#803;ab&#699;ah 1.].</subfield><subfield code="d">al-Najaf, Mat&#803;ba&#699;at al-A&#772;da&#772;b, 1966 [i.e. 1967]</subfield><subfield code="w">(OCoLC)645322191</subfield></datafield><datafield ind1="0" ind2="8" tag="776"><subfield code="i">Print version:</subfield><subfield code="a">S&#803;affa&#772;r, Ibtisa&#772;m Marhu&#772;n.</subfield><subfield code="t">al-Ta&#699;a&#772;bi&#772;r al-Qur&#697;a&#772;ni&#772;yah wa-al-bi&#772;&#697;ah al-&#699;Arabi&#772;yah</subfield><subfield code="w">(NNU)001679926</subfield><subfield code="w">(DLC)   71265056</subfield></datafield><datafield ind1="4" ind2="0" tag="856"><subfield code="u">http://hdl.handle.net/2333.1/mkkwh8t5</subfield></datafield><datafield ind1="1" ind2=" " tag="880"><subfield code="6">100-01/</subfield><subfield code="a">&#1589;&#1601;&#1575;&#1585;&#1548; &#1575;&#1576;&#1578;&#1587;&#1575;&#1605; &#1605;&#1585;&#1607;&#1608;&#1606;.</subfield></datafield><datafield ind1="1" ind2="2" tag="880"><subfield code="6">245-02/</subfield><subfield code="a">&#1575;&#1604;&#1578;&#1593;&#1575;&#1576;&#1610;&#1585; &#1575;&#1604;&#1602;&#1585;&#1575;&#1606;&#1610;&#1577; &#1608;&#1575;&#1604;&#1576;&#1610;&#1577; &#1575;&#1604;&#1593;&#1585;&#1576;&#1610;&#1577; :</subfield><subfield code="b">&#1601;&#1610; &#1605;&#1588;&#1575;&#1607;&#1583; &#1575;&#1604;&#1602;&#1610;&#1575;&#1605;&#1577; /</subfield><subfield code="c">&#1578;&#1604;&#1610;&#1601; &#1575;&#1576;&#1578;&#1587;&#1575;&#1605; &#1605;&#1585;&#1607;&#1608;&#1606; &#1575;&#1604;&#1589;&#1601;&#1575;&#1585;.</subfield></datafield><datafield ind1=" " ind2=" " tag="880"><subfield code="6">250-03/</subfield><subfield code="a">[&#1575;&#1604;&#1591;&#1576;&#1593;&#1577; 1.].</subfield></datafield><datafield ind1=" " ind2=" " tag="880"><subfield code="6">260-04/</subfield><subfield code="a">&#1575;&#1604;&#1606;&#1580;&#1601;&#1548;</subfield><subfield code="b">&#1605;&#1591;&#1576;&#1593;&#1577; &#1575;&#1604;&#1575;&#1583;&#1575;&#1576;&#1548;</subfield><subfield code="c">1966 [i.e. 1967]</subfield></datafield><datafield ind1=" " ind2=" " tag="959"><subfield code="a">NNU</subfield><subfield code="b">WEB</subfield><subfield code="c">GENI</subfield><subfield code="t">0</subfield><subfield code="m">Electronic access</subfield><subfield code="s">01</subfield></datafield><datafield ind1=" " ind2=" " tag="999"><subfield code="i">NNU_001679926</subfield><subfield code="s">nyu_aco000270</subfield></datafield></record>